%% This BibTeX bibliography file was created using BibDesk.
%% http://bibdesk.sourceforge.net/


%% Created for Spencer Smith at 2019-11-01 11:19:51 -0400 


%% Saved with string encoding Unicode (UTF-8) 



@article{chen1998lattice,
	Author = {Chen, Shiyi and Doolen, Gary D},
	Journal = {Annual review of fluid mechanics},
	Number = {1},
	Pages = {329--364},
	Publisher = {Annual Reviews 4139 El Camino Way, PO Box 10139, Palo Alto, CA 94303-0139, USA},
	Title = {Lattice Boltzmann method for fluid flows},
	Volume = {30},
	Year = {1998}}

@book{mohamad2011lattice,
	Author = {Mohamad, AA},
	Publisher = {Springer},
	Title = {Lattice Boltzmann Method},
	Volume = {70},
	Year = {2011}}

@article{muphy,
	Author = {Bernaschi, Massimo and Melchionna, Simone and Succi, Sauro and Fyta, Maria and Kaxiras, Efthimios and Sircar, Joy K},
	Journal = {Computer Physics Communications},
	Number = {9},
	Pages = {1495--1502},
	Publisher = {Elsevier},
	Title = {MUPHY: A parallel MUlti PHYsics/scale code for high performance bio-fluidic simulations},
	Volume = {180},
	Year = {2009}}

@article{mazzeo2008hemelb,
	Author = {Mazzeo, Marco D and Coveney, Peter V},
	Journal = {Computer Physics Communications},
	Number = {12},
	Pages = {894--914},
	Publisher = {Elsevier},
	Title = {HemeLB: A high performance parallel lattice-Boltzmann code for large scale fluid flow in complex geometries},
	Volume = {178},
	Year = {2008}}

@article{schornbaum2016massivelyWaLBerla,
	Author = {Schornbaum, Florian and R{\"u}de, Ulrich},
	Date-Modified = {2019-11-01 11:19:51 -0400},
	Journal = {SIAM Journal on Scientific Computing},
	Number = {2},
	Pages = {C96--C126},
	Publisher = {SIAM},
	Title = {Massively parallel algorithms for the lattice Boltzmann method on nonuniform grids},
	Volume = {38},
	Year = {2016}}

@misc{seaton2016dl,
	Author = {Seaton, MA and Smith, W},
	Title = {DL MESO USER MANUAL},
	Year = {2016}}

@article{schmieschek2017lb3d,
	Author = {Schmieschek, Sebastian and Shamardin, Lev and Frijters, Stefan and Kr{\"u}ger, Timm and Schiller, Ulf D and Harting, Jens and Coveney, Peter V},
	Journal = {Computer Physics Communications},
	Pages = {149--161},
	Publisher = {Elsevier},
	Title = {LB3D: A parallel implementation of the Lattice-Boltzmann method for simulation of interacting amphiphilic fluids},
	Volume = {217},
	Year = {2017}}

@article{januszewski2014sailfish,
	Author = {Januszewski, Michal and Kostur, Marcin},
	Journal = {Computer Physics Communications},
	Number = {9},
	Pages = {2350--2368},
	Publisher = {Elsevier},
	Title = {Sailfish: A flexible multi-GPU implementation of the lattice Boltzmann method},
	Volume = {185},
	Year = {2014}}

@misc{mplabs,
	Author = {Fernandez},
	Publisher = {The University of Texas at Austin},
	Title = {MultiPhase Lattice Boltzmann Suite User Guide},
	Url = {https://github.com/carlosrosales/mplabs/blob/master/docs/mp-labs.pdf},
	Year = {2014},
	Bdsk-Url-1 = {https://github.com/carlosrosales/mplabs/blob/master/docs/mp-labs.pdf}}

@misc{lbsim,
	Author = {Aursjo},
	Publisher = {Universitetet i Oslo},
	Title = {Lattice Boltzmann Simulations},
	Url = {folk.uio.no/olavau/LBsim},
	Bdsk-Url-1 = {folk.uio.no/olavau/LBsim}}

@misc{pylbm,
	Author = {Graille, Gouarin},
	Title = {pylbm Documentation Release 0.3.2},
	Url = {https://buildmedia.readthedocs.org/media/pdf/pylbm/develop/pylbm.pdf},
	Year = {2018},
	Bdsk-Url-1 = {https://buildmedia.readthedocs.org/media/pdf/pylbm/develop/pylbm.pdf}}

@article{perumal2015review,
	Author = {Perumal, D Arumuga and Dass, Anoop K},
	Journal = {Alexandria Engineering Journal},
	Number = {4},
	Pages = {955--971},
	Publisher = {Elsevier},
	Title = {A Review on the development of lattice Boltzmann computation of macro fluid flows and heat transfer},
	Volume = {54},
	Year = {2015}}

@inproceedings{smith2006systematic,
	Author = {Smith, Spencer},
	Booktitle = {14th IEEE International Requirements Engineering Conference (RE'06)},
	Organization = {IEEE},
	Pages = {209--218},
	Title = {Systematic development of requirements documentation for general purpose scientific computing software},
	Year = {2006}}

@article{bao2011lattice,
	Author = {Bao, Yuanxun Bill and Meskas, Justin},
	Journal = {Department of Mathematics, Courant Institute of Mathematical Sciences, New York University},
	Pages = {44},
	Title = {Lattice Boltzmann method for fluid simulations},
	Year = {2011}}

@online{lbmbolton,
	Author = {Bolton, Schwartz, Shreedharan},
	Date = {2017},
	Organization = {Pennsylvania State University},
	Title = {Lattice Boltzmann Methods},
	Url = {https://personal.ems.psu.edu/~fkd/courses/EGEE520/2017Deliverables/LBM_2017.pdf},
	Urldate = {2019},
	Bdsk-Url-1 = {https://personal.ems.psu.edu/~fkd/courses/EGEE520/2017Deliverables/LBM_2017.pdf}}

@online{viscosity,
	Organization = {The Physics Hypertextbook},
	Title = {Viscosity},
	Url = {https://physics.info/viscosity},
	Urldate = {2019},
	Bdsk-Url-1 = {https://physics.info/viscosity}}

@online{density,
	Organization = {The Physics Hypertextbook},
	Title = {Density},
	Url = {https://physics.info/density},
	Urldate = {2019},
	Bdsk-Url-1 = {https://physics.info/density}}

@techreport{IEEEStdGlossarySET1990,
	Institution = {IEEE},
	Key = {IEEE Std 610.12-1990},
	Title = {IEEE Standard Glossary of Software Engineering Terminology},
	Type = {Standard},
	Year = {1991}}

@book{sommerville,
	Author = {Sommerville, Ian},
	Publisher = {Pearson Education},
	Title = {Software Engineering 9},
	Year = {2011}}

@article{uchida2005experiment,
	Author = {Uchida, Shinji and Shima, Kazuyuki},
	Journal = {Journal of Systemic, Cybernetics and Informatics},
	Pages = {7--11},
	Title = {An experiment of evaluating software understandability},
	Volume = {2},
	Year = {2005}}

@online{lbmpenn,
	Author = {Liu, Lu, Li},
	Date = {2018},
	Organization = {Pennsylvania State University},
	Title = {Lattice Boltzmann Method},
	Url = {https://personal.ems.psu.edu/~fkd/courses/EGEE520/2018Deliverables/lbm.pdf},
	Urldate = {2019},
	Bdsk-Url-1 = {https://personal.ems.psu.edu/~fkd/courses/EGEE520/2018Deliverables/lbm.pdf}}

@online{sheffield,
	Author = {Liu, Lu, Li},
	Organization = {Sheffield Hallam University},
	Title = {The lattice Boltzmann method},
	Url = {https://www.shu.ac.uk/research/specialisms/materials-and-engineering-research-institute/what-we-do/expertise/materials-modelling-and-complex-flows/the-lattice-boltzmann-method},
	Urldate = {2019},
	Bdsk-Url-1 = {https://www.shu.ac.uk/research/specialisms/materials-and-engineering-research-institute/what-we-do/expertise/materials-modelling-and-complex-flows/the-lattice-boltzmann-method}}

@phdthesis{lopez2014thermal,
	Author = {Lopez, Pedro},
	Title = {Thermal Lattice Boltzmann Simulation for Rarefied Flow in Microchannels},
	Year = {2014}}

@book{ghezzi1991fundamentals,
	Author = {Ghezzi, Carlo and Jazayeri, Mehdi and Mandrioli, Dino},
	Publisher = {Prentice Hall PTR},
	Title = {Fundamentals of software engineering},
	Year = {1991}}

@online{LBM_CA_PM,
	Author = {Peter Michalski},
	Date = {2019},
	Title = {Lattice Boltzmann Solvers - CA},
	Url = {https://github.com/peter-michalski/LatticeBoltzmannSolvers/blob/master/docs/SRS/CA.pdf},
	Urldate = {2019},
	Bdsk-Url-1 = {https://github.com/peter-michalski/LatticeBoltzmannSolvers/blob/master/docs/SRS/CA.pdf}}

@online{CAS741_SRS_checklist,
	Author = {Smith},
	Title = {SRS Checklist},
	Url = {https://gitlab.cas.mcmaster.ca/smiths/cas741/blob/master/BlankProjectTemplate/docs/SRS/SRS-Checklist.pdf},
	Urldate = {2019},
	Bdsk-Url-1 = {https://gitlab.cas.mcmaster.ca/smiths/cas741/blob/master/BlankProjectTemplate/docs/SRS/SRS-Checklist.pdf}}

@online{reynolds,
	Organization = {The Physics Hypertextbook},
	Title = {Flow Regimes},
	Url = {https://physics.info/turbulence},
	Urldate = {2019},
	Bdsk-Url-1 = {https://physics.info/turbulence}}

@online{pylbmcode,
	Organization = {github},
	Title = {pyLBM},
	Url = {https://github.com/pylbm/pylbm},
	Bdsk-Url-1 = {https://github.com/pylbm/pylbm}}

@online{LBM_UVNV_PM,
	Author = {Peter Michalski},
	Date = {2019},
	Title = {Lattice Boltzmann Solvers - Unit VnV},
	Url = {https://github.com/peter-michalski/LatticeBoltzmannSolvers/blob/master/docs/VnVPlan/UnitVnVPlan/UnitVnVPlan.pdf},
	Urldate = {2019},
	Bdsk-Url-1 = {https://github.com/peter-michalski/LatticeBoltzmannSolvers/blob/master/docs/VnVPlan/UnitVnVPlan/UnitVnVPlan.pdf}}

@online{LBM_UserGuide_PM,
	Author = {Peter Michalski},
	Date = {2019},
	Title = {Lattice Boltzmann Solvers - User Guide},
	Url = {https://github.com/peter-michalski/LatticeBoltzmannSolvers/tree/master/docs/UserGuide},
	Urldate = {2019},
	Bdsk-Url-1 = {https://github.com/peter-michalski/LatticeBoltzmannSolvers/tree/master/docs/UserGuide}}

@article{patronis2018modeling,
	title={Modeling Patient-Specific Magnetic Drug Targeting Within the Intracranial Vasculature},
	author={Patronis, Alexander and Richardson, Robin A and Schmieschek, Sebastian and Wylie, Brian JN and Nash, Rupert W and Coveney, Peter V},
	journal={Frontiers in physiology},
	volume={9},
	pages={331},
	year={2018},
	publisher={Frontiers}
}
@techreport{donath2007resource,
	title={On the resource requirements of the hyper-scale waLBerla project},
	author={Donath, S and G{\"o}tz, J and Feichtinger, C and Iglberger, K and Bergler, S and R{\"u}de, U},
	year={2007},
	institution={Technical report, Lehrstuhl f{\"u}r Informatik 10 (Systemsimulation), Friedrich~â€¦}
}
@misc{seaton2016dl,
	title={DL MESO USER MANUAL},
	author={Seaton, MA and Smith, W},
	year={2016}
}
@article{saksena2010petascale,
	title={Petascale lattice-Boltzmann studies of amphiphilic cubic liquid crystalline materials in a globally distributed high-performance computing and visualization environment},
	author={Saksena, Radhika S and Mazzeo, Marco D and Zasada, Stefan J and Coveney, Peter V},
	journal={Philosophical Transactions of the Royal Society A: Mathematical, Physical and Engineering Sciences},
	volume={368},
	number={1925},
	pages={3983--3999},
	year={2010},
	publisher={The Royal Society Publishing}
}
@article{abdelaziz2016multiphase,
	title={Multiphase thermal-fluid flow through geothermal reservoirs},
	author={Abdelaziz, Ramadan and Komori, Fabio Sussumu and Carre{\~n}o, Marcelo NP},
	journal={Energy Procedia},
	volume={95},
	pages={22--28},
	year={2016},
	publisher={Elsevier}
}

@book{ghezzi1991fundamentals,
Author = {Ghezzi, Carlo and Jazayeri, Mehdi and Mandrioli, Dino},
Publisher = {Prentice Hall PTR},
Title = {Fundamentals of software engineering},
Year = {1991}
}